@misc{gutenberg,
  author       = {ProjectGutenberg}, 
  title        = About Project Gutenberg},
  howpublished = {PÃ¡gina web},
  year         = 2025,
  url          = {https://www.gutenberg.org/about/}
}



